
@article{bundesminister_fur_wirtschaft_und_energie_verordnung_2020,
	title = {Verordnung über die Berufsausbildung zum Fachinformatiker und zur Fachinformatikerin (Fachinformatikerausbildungsverordnung – {FlAusbV})},
	url = {http://www.bgbl.de/xaver/bgbl/start.xav?startbk=Bundesanzeiger_BGBl&jumpTo=bgbl120s0250.pdf},
	pages = {250},
	number = {9},
	journaltitle = {Bundesgesetzblatt Teil I},
	author = {{Bundesminister für Wirtschaft und Energie}},
	urldate = {2020-07-03},
	date = {2020-03-05},
	file = {Bundesminister für Wirtschaft und Energie - 2020 - Verordnung über die Berufsausbildung zum Fachinfor.pdf:C\:\\Users\\Yves Staudenmaier\\Zotero\\storage\\V6UTEM2W\\Bundesminister für Wirtschaft und Energie - 2020 - Verordnung über die Berufsausbildung zum Fachinfor.pdf:application/pdf}
}

@article{forster_unterweisung_2003,
	title = {Unterweisung: Ein- und Ausbau des Arbeitsspeichers eines Computers},
	pages = {8},
	author = {Förster, Thomas},
	date = {2003},
	langid = {german},
	file = {Förster - 2003 - KOPIE Ein- und Ausbau des Arbeitsspeichers eines C.pdf:C\:\\Users\\Yves Staudenmaier\\Zotero\\storage\\UFPKUY77\\Förster - 2003 - KOPIE Ein- und Ausbau des Arbeitsspeichers eines C.pdf:application/pdf}
}

@online{sv_informatik_gmbg_uber_2020,
	title = {Über uns {\textbar} {SV} Informatik {GmbH}},
	url = {https://www.sv-informatik.de/content/unternehmen/},
	author = {{SV Informatik GmbG}},
	urldate = {2020-07-12},
	date = {2020-07-12},
	file = {Über uns | SV Informatik GmbH:C\:\\Users\\Yves Staudenmaier\\Zotero\\storage\\GK97IUBR\\unternehmen.html:text/html}
}

@online{berufsbildungsgesetz_bbig_bbig_nodate,
	title = {{BBiG} - nichtamtliches Inhaltsverzeichnis},
	url = {https://www.gesetze-im-internet.de/bbig_2005/},
	author = {{Berufsbildungsgesetz (BBiG)}},
	urldate = {2020-07-12},
	file = {BBiG - nichtamtliches Inhaltsverzeichnis:C\:\\Users\\Yves Staudenmaier\\Zotero\\storage\\YR3A4UKK\\bbig_2005.html:text/html}
}

@book{schroder_lernen_2010,
	edition = {durchgesehene Auflage},
	title = {Lernen - Lehren - Unterricht : Lernpsychologische und didaktische Grundlagen /},
	isbn = {978-3-486-59927-5},
	series = {Hand- und Lehrbücher der Pädagogik},
	abstract = {Grundlegendes Lehrwerk für Studierende der Erziehungswissenschaft für alle (angehenden) Lehrer und darüber hinaus. Aus dem Inhalt: Lernen (Definition und Kennzeichnung von Lernen. Lernformen. Gedächtnis- und Lernpsychologische Grundlagen). Lehren (Definition und Kennzeichnung von Lehren. Formen des Lehrplan und Curriculum). Unterricht (Deffinition des Unterrichts. Strukturmerkmale des Unterrichts. Unterricht im Spannungsgefüge von Planung und freier Gestaltung). Unterrichtskonzeptionen der Vergangenheit und Gegenwart (Anschaungsunterricht. Gesamtunterricht. Aktivierender Unterricht. Exemplarischer Unterricht. Programmierter Unterricht. Wissenschaftsorientierter Unterricht. Zielorientierter Unterricht. Erziehender Unterricht. Schülerorientierter Unterricht. Offener Unterricht). Unterrichtsprinzipien (Prinzip der Motivierung. Prinzip der Veranschaulichung. Prinzip der Aktivierung. Prinzip der Differenzierung. Prinzip der Erfolgbestätigung. Prinzip der Erfolgssicherung. Prinzip der Schülerorientierung. Prinzip der Ganzheit. Prinzip der Strukturierung. Zusammenfassung und Gültigkeit der Unterrichtsprinzipien). Didaktische Modelle. Unterrichtstechnologie und Mediendidaktik. Kreativität im Unterricht als Herausforderung. Leistung und Leistungsbeurteilung im Unterricht.},
	author = {Schröder, Hartwig., author},
	date = {2010},
	note = {{ISSN}: 9783486259735}
}

@online{noauthor_hochschule_nodate,
	title = {Hochschule München gründet Institut für maschinelles Lernen und intelligente Systeme},
	url = {https://www.presseportal.de/pm/143187/4658462},
	abstract = {{HM} gründet Institut für maschinelles Lernen und intelligente Systeme Am neuen Forschungsinstitut {IAMLIS} bündelt die Hochschule München die Methoden- und Fachkompetenz aus...},
	titleaddon = {presseportal.de},
	urldate = {2020-07-28},
	langid = {german},
	note = {Library Catalog: www.presseportal.de},
	file = {Snapshot:C\:\\Users\\Yves Staudenmaier\\Zotero\\storage\\83XKQWZF\\4658462.html:text/html}
}

@online{noauthor_volkswagen_nodate,
	title = {Volkswagen bringt weitere Partnerunternehmen in die Industrial Cloud, Volkswagen {AG}, Pressemitteilung - {PresseBox}},
	url = {https://www.pressebox.de/inaktiv/volkswagen-ag-wolfsburg/Volkswagen-bringt-weitere-Partnerunternehmen-in-die-Industrial-Cloud/boxid/1016048},
	urldate = {2020-07-28},
	file = {Volkswagen bringt weitere Partnerunternehmen in die Industrial Cloud, Volkswagen AG, Pressemitteilung - PresseBox:C\:\\Users\\Yves Staudenmaier\\Zotero\\storage\\UKT7N7CA\\1016048.html:text/html}
}